{"wallet": "0x2005d16a84ceefa912d4e380cd32e7ff827875ea", "type": "TRADE", "side": "BUY", "tokenId": "84261340651318011782277972120695108588104355662473156897419482571051497511599", "market": "SC Freiburg vs. VfL Wolfsburg: Both Teams to Score", "slug": "bun-fre-wol-2026-05-03-btts", "amount": 247.2505, "timestamp": 1777829980, "_ts": 1777830012.4371686, "_iso": "2026-05-03T17:40:12.437172+00:00"}
{"wallet": "0x2005d16a84ceefa912d4e380cd32e7ff827875ea", "type": "TRADE", "side": "BUY", "tokenId": "94174143169341199292389446112635565808894375806976160419160045599117778726299", "market": "Antalyaspor vs. Alanyaspor: Both Teams to Score", "slug": "tur-ant-ala-2026-05-03-btts", "amount": 0.492857, "timestamp": 1777829980, "_ts": 1777830012.4372404, "_iso": "2026-05-03T17:40:12.437240+00:00"}
{"wallet": "0x2005d16a84ceefa912d4e380cd32e7ff827875ea", "type": "TRADE", "side": "BUY", "tokenId": "97182420014400891173127243140098223503168061896990216558027541609660874416005", "market": "Games Total: O/U 3.5", "slug": "cs2-navi-vit-2026-05-03-total-games-3pt5", "amount": 187.5625, "timestamp": 1777829978, "_ts": 1777830012.4372613, "_iso": "2026-05-03T17:40:12.437261+00:00"}
{"wallet": "0x2005d16a84ceefa912d4e380cd32e7ff827875ea", "type": "TRADE", "side": "BUY", "tokenId": "36776234452711798401988882866498398148219779046901439957354723113197959483874", "market": "Antalyaspor vs. Alanyaspor: Both Teams to Score", "slug": "tur-ant-ala-2026-05-03-btts", "amount": 10.151515, "timestamp": 1777829976, "_ts": 1777830012.4372778, "_iso": "2026-05-03T17:40:12.437277+00:00"}
{"wallet": "0x2005d16a84ceefa912d4e380cd32e7ff827875ea", "type": "TRADE", "side": "BUY", "tokenId": "83124800931024510969764359948223309715886407889024308635074420409801745832973", "market": "Spread: Kayserispor (-1.5)", "slug": "tur-kay-eyu-2026-05-03-spread-home-1pt5", "amount": 4.45, "timestamp": 1777829974, "_ts": 1777830012.4372911, "_iso": "2026-05-03T17:40:12.437291+00:00"}
{"wallet": "0x6a72f61820b26b1fe4d956e17b6dc2a1ea3033ee", "type": "TRADE", "side": "BUY", "tokenId": "22597126190023523093086862773723213895521193733224705526781796015225024214830", "market": "Flyers vs. Hurricanes", "slug": "nhl-phi-car-2026-05-02", "amount": 763.8007200000001, "timestamp": 1777771334, "_ts": 1777830012.4373047, "_iso": "2026-05-03T17:40:12.437304+00:00"}
{"wallet": "0x6a72f61820b26b1fe4d956e17b6dc2a1ea3033ee", "type": "TRADE", "side": "BUY", "tokenId": "22597126190023523093086862773723213895521193733224705526781796015225024214830", "market": "Flyers vs. Hurricanes", "slug": "nhl-phi-car-2026-05-02", "amount": 105.1376, "timestamp": 1777770964, "_ts": 1777830012.4373183, "_iso": "2026-05-03T17:40:12.437318+00:00"}
{"wallet": "0x6a72f61820b26b1fe4d956e17b6dc2a1ea3033ee", "type": "TRADE", "side": "BUY", "tokenId": "22597126190023523093086862773723213895521193733224705526781796015225024214830", "market": "Flyers vs. Hurricanes", "slug": "nhl-phi-car-2026-05-02", "amount": 65.7064, "timestamp": 1777770920, "_ts": 1777830012.4373357, "_iso": "2026-05-03T17:40:12.437336+00:00"}
{"wallet": "0xd235973291b2b75ff4070e9c0b01728c520b0f29", "type": "TRADE", "side": "BUY", "tokenId": "105698626207188362137224559516875335051389535882173153619615964622033134253951", "market": "Will Mike Tyson win his boxing match against Jake Paul?", "slug": "will-mike-tyson-win-his-boxing-match-against-jake-paul", "amount": 26123.204099, "timestamp": 1731733986, "_ts": 1777830012.4373496, "_iso": "2026-05-03T17:40:12.437349+00:00"}
{"wallet": "0xd235973291b2b75ff4070e9c0b01728c520b0f29", "type": "TRADE", "side": "BUY", "tokenId": "105698626207188362137224559516875335051389535882173153619615964622033134253951", "market": "Will Mike Tyson win his boxing match against Jake Paul?", "slug": "will-mike-tyson-win-his-boxing-match-against-jake-paul", "amount": 29574.3459, "timestamp": 1731733984, "_ts": 1777830012.437365, "_iso": "2026-05-03T17:40:12.437365+00:00"}
{"wallet": "0xd235973291b2b75ff4070e9c0b01728c520b0f29", "type": "TRADE", "side": "BUY", "tokenId": "105698626207188362137224559516875335051389535882173153619615964622033134253951", "market": "Will Mike Tyson win his boxing match against Jake Paul?", "slug": "will-mike-tyson-win-his-boxing-match-against-jake-paul", "amount": 14.35, "timestamp": 1731733960, "_ts": 1777830012.4373784, "_iso": "2026-05-03T17:40:12.437378+00:00"}
{"wallet": "0xd235973291b2b75ff4070e9c0b01728c520b0f29", "type": "TRADE", "side": "BUY", "tokenId": "105698626207188362137224559516875335051389535882173153619615964622033134253951", "market": "Will Mike Tyson win his boxing match against Jake Paul?", "slug": "will-mike-tyson-win-his-boxing-match-against-jake-paul", "amount": 124.2423, "timestamp": 1731733958, "_ts": 1777830012.4373908, "_iso": "2026-05-03T17:40:12.437391+00:00"}
{"wallet": "0x56687bf447db6ffa42ffe2204a05edaa20f55839", "type": "TRADE", "side": "BUY", "tokenId": "28542071792300007181611447397504994131484152585152031411345975186749097403884", "market": "Henry Cavill announced as next James Bond?", "slug": "henry-cavill-announced-as-next-james-bond", "amount": 193.1517, "timestamp": 1731489409, "_ts": 1777830012.4374037, "_iso": "2026-05-03T17:40:12.437403+00:00"}
{"wallet": "0x56687bf447db6ffa42ffe2204a05edaa20f55839", "type": "TRADE", "side": "BUY", "tokenId": "28542071792300007181611447397504994131484152585152031411345975186749097403884", "market": "Henry Cavill announced as next James Bond?", "slug": "henry-cavill-announced-as-next-james-bond", "amount": 23.07816, "timestamp": 1731489283, "_ts": 1777830012.437417, "_iso": "2026-05-03T17:40:12.437417+00:00"}
{"wallet": "0xe9ad918c7678cd38b12603a762e638a5d1ee7091", "type": "TRADE", "side": "SELL", "tokenId": "21742633143463906290569050155826241533067272736897614950488156847949938836455", "market": "Will Donald Trump win the 2024 US Presidential Election?", "slug": "will-donald-trump-win-the-2024-us-presidential-election", "amount": 16.71288, "timestamp": 1730901742, "_ts": 1777830012.4374287, "_iso": "2026-05-03T17:40:12.437428+00:00"}
{"wallet": "0xe9ad918c7678cd38b12603a762e638a5d1ee7091", "type": "TRADE", "side": "SELL", "tokenId": "21742633143463906290569050155826241533067272736897614950488156847949938836455", "market": "Will Donald Trump win the 2024 US Presidential Election?", "slug": "will-donald-trump-win-the-2024-us-presidential-election", "amount": 202843.22685, "timestamp": 1730901272, "_ts": 1777830012.4374418, "_iso": "2026-05-03T17:40:12.437441+00:00"}
{"wallet": "0xe9ad918c7678cd38b12603a762e638a5d1ee7091", "type": "TRADE", "side": "SELL", "tokenId": "21742633143463906290569050155826241533067272736897614950488156847949938836455", "market": "Will Donald Trump win the 2024 US Presidential Election?", "slug": "will-donald-trump-win-the-2024-us-presidential-election", "amount": 68452.64395, "timestamp": 1730901272, "_ts": 1777830012.4374588, "_iso": "2026-05-03T17:40:12.437458+00:00"}
{"wallet": "0xe9ad918c7678cd38b12603a762e638a5d1ee7091", "type": "TRADE", "side": "SELL", "tokenId": "21742633143463906290569050155826241533067272736897614950488156847949938836455", "market": "Will Donald Trump win the 2024 US Presidential Election?", "slug": "will-donald-trump-win-the-2024-us-presidential-election", "amount": 432799.8789, "timestamp": 1730901270, "_ts": 1777830012.437471, "_iso": "2026-05-03T17:40:12.437471+00:00"}
{"wallet": "0xe9ad918c7678cd38b12603a762e638a5d1ee7091", "type": "TRADE", "side": "SELL", "tokenId": "21742633143463906290569050155826241533067272736897614950488156847949938836455", "market": "Will Donald Trump win the 2024 US Presidential Election?", "slug": "will-donald-trump-win-the-2024-us-presidential-election", "amount": 10913.8, "timestamp": 1730901268, "_ts": 1777830012.4374826, "_iso": "2026-05-03T17:40:12.437482+00:00"}
